<?xml version="1.0" encoding="UTF-8"?>
  <record xmlns="http://www.loc.gov/MARC21/slim" type="Authority">
    <leader>00000nz  a2200000nc 4500</leader>
    <controlfield tag="001">100728944</controlfield>
    <controlfield tag="003">DE-101</controlfield>
    <controlfield tag="005">20210505003036.0</controlfield>
    <controlfield tag="008">900616n||azznnaabn           | aaa    |c</controlfield>
    <datafield tag="024" ind1="7" ind2=" ">
      <subfield code="a">100728944</subfield>
      <subfield code="0">http://d-nb.info/gnd/100728944</subfield>
      <subfield code="2">gnd</subfield>
    </datafield>
    <datafield tag="035" ind1=" " ind2=" ">
      <subfield code="a">(DE-101)100728944</subfield>
    </datafield>
    <datafield tag="035" ind1=" " ind2=" ">
      <subfield code="a">(DE-588)100728944</subfield>
    </datafield>
    <datafield tag="035" ind1=" " ind2=" ">
      <subfield code="z">(DE-588)1089742541</subfield>
    </datafield>
    <datafield tag="035" ind1=" " ind2=" ">
      <subfield code="z">(DE-588a)100728944</subfield>
      <subfield code="9">v:zg</subfield>
    </datafield>
    <datafield tag="035" ind1=" " ind2=" ">
      <subfield code="z">(DE-588c)7516716-5</subfield>
      <subfield code="9">v:zg</subfield>
    </datafield>
    <datafield tag="040" ind1=" " ind2=" ">
      <subfield code="a">DE-12</subfield>
      <subfield code="c">DE-12</subfield>
      <subfield code="9">r:DE-12</subfield>
      <subfield code="b">ger</subfield>
      <subfield code="d">9999</subfield>
    </datafield>
    <datafield tag="042" ind1=" " ind2=" ">
      <subfield code="a">gnd1</subfield>
    </datafield>
    <datafield tag="043" ind1=" " ind2=" ">
      <subfield code="c">XY</subfield>
      <subfield code="c">XA-ES</subfield>
      <subfield code="c">XC-MA</subfield>
    </datafield>
    <datafield tag="065" ind1=" " ind2=" ">
      <subfield code="a">3.1p</subfield>
      <subfield code="2">sswd</subfield>
    </datafield>
    <datafield tag="075" ind1=" " ind2=" ">
      <subfield code="b">p</subfield>
      <subfield code="2">gndgen</subfield>
    </datafield>
    <datafield tag="075" ind1=" " ind2=" ">
      <subfield code="b">piz</subfield>
      <subfield code="2">gndspec</subfield>
    </datafield>
    <datafield tag="079" ind1=" " ind2=" ">
      <subfield code="a">g</subfield>
      <subfield code="q">f</subfield>
      <subfield code="q">n</subfield>
      <subfield code="q">s</subfield>
      <subfield code="u">w</subfield>
    </datafield>
    <datafield tag="100" ind1="1" ind2=" ">
      <subfield code="a">Alfasî, Yiṣḥāq Ben-Yaʿaqov</subfield>
      <subfield code="d">1013-1103</subfield>
    </datafield>
    <datafield tag="400" ind1="0" ind2=" ">
      <subfield code="a">Rif</subfield>
      <subfield code="d">1013-1103</subfield>
    </datafield>
    <datafield tag="400" ind1="1" ind2=" ">
      <subfield code="a">Alfasi, Yitsḥaḳ ben Yaʿaḳov</subfield>
      <subfield code="d">1013-1103</subfield>
    </datafield>
    <datafield tag="400" ind1="1" ind2=" ">
      <subfield code="a">Alfasi, Isaac ben Jacob</subfield>
      <subfield code="d">1013-1103</subfield>
    </datafield>
    <datafield tag="400" ind1="1" ind2=" ">
      <subfield code="a">Alfassi, Isaac ben Jacob</subfield>
      <subfield code="d">1013-1103</subfield>
      <subfield code="9">v:Jüd. Lex.</subfield>
    </datafield>
    <datafield tag="400" ind1="1" ind2=" ">
      <subfield code="a">Alfasi, Isaak b. Jakob gen. Rif</subfield>
      <subfield code="d">1013-1103</subfield>
    </datafield>
    <datafield tag="400" ind1="1" ind2=" ">
      <subfield code="a">Alfas, Isaak b. Jakob gen. Rif</subfield>
      <subfield code="d">1013-1103</subfield>
    </datafield>
    <datafield tag="400" ind1="1" ind2=" ">
      <subfield code="a">Alfasi, Yitsḥaḳ</subfield>
      <subfield code="d">1013-1103</subfield>
    </datafield>
    <datafield tag="400" ind1="1" ind2=" ">
      <subfield code="a">Alfāsî, Yiṣḥāq</subfield>
      <subfield code="d">1013-1103</subfield>
    </datafield>
    <datafield tag="400" ind1="1" ind2=" ">
      <subfield code="a">Alfasi, Yitsḥak</subfield>
      <subfield code="d">1013-1103</subfield>
    </datafield>
    <datafield tag="400" ind1="1" ind2=" ">
      <subfield code="a">Alphasi, Isaak</subfield>
      <subfield code="d">1013-1103</subfield>
    </datafield>
    <datafield tag="400" ind1="1" ind2=" ">
      <subfield code="a">Alphes, Isaac</subfield>
      <subfield code="d">1013-1103</subfield>
    </datafield>
    <datafield tag="400" ind1="1" ind2=" ">
      <subfield code="a">Alphes, Jitzchak</subfield>
      <subfield code="d">1013-1103</subfield>
    </datafield>
    <datafield tag="400" ind1="1" ind2=" ">
      <subfield code="a">Elfassi, Isaak</subfield>
      <subfield code="d">1013-1103</subfield>
    </datafield>
    <datafield tag="400" ind1="0" ind2=" ">
      <subfield code="a">Yiṣḥāq Alfāsî</subfield>
      <subfield code="d">1013-1103</subfield>
    </datafield>
    <datafield tag="400" ind1="0" ind2=" ">
      <subfield code="a">Yitsḥaḳ Ben Yaʿaḳov</subfield>
      <subfield code="d">1013-1103</subfield>
    </datafield>
    <datafield tag="400" ind1="0" ind2=" ">
      <subfield code="a">Yiṣḥāq Ben-Yaʿaqōv</subfield>
      <subfield code="d">1013-1103</subfield>
    </datafield>
    <datafield tag="400" ind1="0" ind2=" ">
      <subfield code="a">Jiṣḥāq Ben-Jaʿaqōb</subfield>
      <subfield code="d">1013-1103</subfield>
    </datafield>
    <datafield tag="400" ind1="0" ind2=" ">
      <subfield code="a">Jiṣḥāq Alfasi ben Jaʿaqōb</subfield>
      <subfield code="d">1013-1103</subfield>
    </datafield>
    <datafield tag="400" ind1="0" ind2=" ">
      <subfield code="a">Yiṣḥāq ben Yaʿăqōv Alfāsî</subfield>
      <subfield code="d">1013-1103</subfield>
    </datafield>
    <datafield tag="400" ind1="0" ind2=" ">
      <subfield code="a">Isaak ben Jakob Alfasi</subfield>
      <subfield code="d">1013-1103</subfield>
    </datafield>
    <datafield tag="400" ind1="0" ind2=" ">
      <subfield code="a">Isaac ben Jacob Alfasi</subfield>
      <subfield code="d">1013-1103</subfield>
    </datafield>
    <datafield tag="400" ind1="0" ind2=" ">
      <subfield code="a">Yitsḥak ben Yaʿaḳov Alfasi</subfield>
      <subfield code="d">1013-1103</subfield>
    </datafield>
    <datafield tag="400" ind1="0" ind2=" ">
      <subfield code="a">Harif</subfield>
      <subfield code="d">1013-1103</subfield>
    </datafield>
    <datafield tag="400" ind1="0" ind2=" ">
      <subfield code="a">ha-Rif</subfield>
      <subfield code="d">1013-1103</subfield>
    </datafield>
    <datafield tag="400" ind1="0" ind2=" ">
      <subfield code="a">Rav Alfas</subfield>
      <subfield code="d">1013-1103</subfield>
    </datafield>
    <datafield tag="400" ind1="1" ind2=" ">
      <subfield code="a">Alfasi, Isaac</subfield>
      <subfield code="d">1013-1103</subfield>
    </datafield>
    <datafield tag="400" ind1="0" ind2=" ">
      <subfield code="a">Ha-RI"F</subfield>
      <subfield code="d">1013-1103</subfield>
    </datafield>
    <datafield tag="400" ind1="0" ind2=" ">
      <subfield code="9">U:Hebr</subfield>
      <subfield code="a">יצחק בן יעקב אלפסי</subfield>
      <subfield code="d">1013-1103</subfield>
      <subfield code="5">DE-603</subfield>
    </datafield>
    <datafield tag="400" ind1="0" ind2=" ">
      <subfield code="9">U:Hebr</subfield>
      <subfield code="a">יצחק בר יעקב אלפסי</subfield>
      <subfield code="d">1013-1103</subfield>
    </datafield>
    <datafield tag="400" ind1="1" ind2=" ">
      <subfield code="9">U:Hebr</subfield>
      <subfield code="a">אלפסי, יצחק בר יעקב</subfield>
      <subfield code="d">1013-1103</subfield>
    </datafield>
    <datafield tag="400" ind1="1" ind2=" ">
      <subfield code="9">U:Hebr</subfield>
      <subfield code="a">אלפאסי, יצחק בן יעקב</subfield>
      <subfield code="d">1013-1103</subfield>
    </datafield>
    <datafield tag="400" ind1="1" ind2=" ">
      <subfield code="9">U:Hebr</subfield>
      <subfield code="a">אלפאסי, יצחק בן יעקב (רי"ף)</subfield>
      <subfield code="d">1013-1103</subfield>
    </datafield>
    <datafield tag="400" ind1="0" ind2=" ">
      <subfield code="9">U:Hebr</subfield>
      <subfield code="a">רי״ף</subfield>
      <subfield code="d">1013-1103</subfield>
    </datafield>
    <datafield tag="400" ind1="0" ind2=" ">
      <subfield code="9">U:Hebr</subfield>
      <subfield code="a">ריף</subfield>
      <subfield code="d">1013-1103</subfield>
    </datafield>
    <datafield tag="400" ind1="0" ind2=" ">
      <subfield code="9">U:Hebr</subfield>
      <subfield code="a">הרי״ף</subfield>
      <subfield code="d">1013-1103</subfield>
    </datafield>
    <datafield tag="400" ind1="0" ind2=" ">
      <subfield code="9">U:Hebr</subfield>
      <subfield code="a">רב אלפס</subfield>
      <subfield code="d">1013-1103</subfield>
    </datafield>
    <datafield tag="548" ind1=" " ind2=" ">
      <subfield code="a">1013-1103</subfield>
      <subfield code="4">datl</subfield>
      <subfield code="4">https://d-nb.info/standards/elementset/gnd#dateOfBirthAndDeath</subfield>
      <subfield code="w">r</subfield>
      <subfield code="i">Lebensdaten</subfield>
    </datafield>
    <datafield tag="550" ind1=" " ind2=" ">
      <subfield code="0">(DE-101)04156443X</subfield>
      <subfield code="0">(DE-588)4156443-1</subfield>
      <subfield code="0">https://d-nb.info/gnd/4156443-1</subfield>
      <subfield code="a">Gelehrter</subfield>
      <subfield code="4">berc</subfield>
      <subfield code="4">https://d-nb.info/standards/elementset/gnd#professionOrOccupation</subfield>
      <subfield code="w">r</subfield>
      <subfield code="i">Charakteristischer Beruf</subfield>
    </datafield>
    <datafield tag="550" ind1=" " ind2=" ">
      <subfield code="0">(DE-101)951500015</subfield>
      <subfield code="0">(DE-588)4469962-1</subfield>
      <subfield code="0">https://d-nb.info/gnd/4469962-1</subfield>
      <subfield code="a">Religionswissenschaftler</subfield>
      <subfield code="4">beru</subfield>
      <subfield code="4">https://d-nb.info/standards/elementset/gnd#professionOrOccupation</subfield>
      <subfield code="w">r</subfield>
      <subfield code="i">Beruf</subfield>
    </datafield>
    <datafield tag="550" ind1=" " ind2=" ">
      <subfield code="0">(DE-101)042935938</subfield>
      <subfield code="0">(DE-588)4293593-3</subfield>
      <subfield code="0">https://d-nb.info/gnd/4293593-3</subfield>
      <subfield code="a">Talmudist</subfield>
      <subfield code="4">beru</subfield>
      <subfield code="4">https://d-nb.info/standards/elementset/gnd#professionOrOccupation</subfield>
      <subfield code="w">r</subfield>
      <subfield code="i">Beruf</subfield>
    </datafield>
    <datafield tag="551" ind1=" " ind2=" ">
      <subfield code="0">(DE-101)953252035</subfield>
      <subfield code="0">(DE-588)4494526-7</subfield>
      <subfield code="0">https://d-nb.info/gnd/4494526-7</subfield>
      <subfield code="a">Kalat Beni Hammad</subfield>
      <subfield code="4">ortg</subfield>
      <subfield code="4">https://d-nb.info/standards/elementset/gnd#placeOfBirth</subfield>
      <subfield code="w">r</subfield>
      <subfield code="i">Geburtsort</subfield>
    </datafield>
    <datafield tag="551" ind1=" " ind2=" ">
      <subfield code="0">(DE-101)946818843</subfield>
      <subfield code="0">(DE-588)4401437-5</subfield>
      <subfield code="0">https://d-nb.info/gnd/4401437-5</subfield>
      <subfield code="a">Lucena</subfield>
      <subfield code="g">Provinz Cordoba</subfield>
      <subfield code="4">orts</subfield>
      <subfield code="4">https://d-nb.info/standards/elementset/gnd#placeOfDeath</subfield>
      <subfield code="w">r</subfield>
      <subfield code="i">Sterbeort</subfield>
    </datafield>
    <datafield tag="667" ind1=" " ind2=" ">
      <subfield code="a">12</subfield>
    </datafield>
    <datafield tag="667" ind1=" " ind2=" ">
      <subfield code="a">12-PMA:Suppl.</subfield>
    </datafield>
    <datafield tag="667" ind1=" " ind2=" ">
      <subfield code="a">VD-17</subfield>
    </datafield>
    <datafield tag="670" ind1=" " ind2=" ">
      <subfield code="a">LCAuth</subfield>
    </datafield>
    <datafield tag="670" ind1=" " ind2=" ">
      <subfield code="a">Enc. Jud.</subfield>
    </datafield>
    <datafield tag="670" ind1=" " ind2=" ">
      <subfield code="a">Wikipedia</subfield>
      <subfield code="u">https://de.wikipedia.org/wiki/Isaak_Alfasi</subfield>
    </datafield>
    <datafield tag="672" ind1=" " ind2="0">
      <subfield code="a">Alfāsī, Yiṣḥāq Ben-Yaʿaqov: Rab Alphus</subfield>
      <subfield code="f">1552</subfield>
    </datafield>
    <datafield tag="672" ind1=" " ind2="0">
      <subfield code="a">Alfasî, Yiṣḥāq Ben-Yaʿaqov: Rav Alfes</subfield>
      <subfield code="f">1552</subfield>
    </datafield>
    <datafield tag="672" ind1=" " ind2="0">
      <subfield code="a">Alfasî, Yiṣḥāq Ben-Yaʿaqov: Bi-śedē ha-ḥasîdût</subfield>
      <subfield code="f">1986</subfield>
    </datafield>
    <datafield tag="678" ind1=" " ind2=" ">
      <subfield code="b">nordafrikanischer jüdischer Gelehrter</subfield>
    </datafield>
    <datafield tag="700" ind1="1" ind2="4">
      <subfield code="9">U:Hebr</subfield>
      <subfield code="a">אלפסי, יצחק בן יעקב</subfield>
      <subfield code="d">1013-1103</subfield>
      <subfield code="9">v:Original</subfield>
    </datafield>
    <datafield tag="913" ind1=" " ind2=" ">
      <subfield code="S">pnd</subfield>
      <subfield code="i">a</subfield>
      <subfield code="a">Alfasî, Yiṣḥāq Ben-Yaʿaqov</subfield>
      <subfield code="0">(DE-588a)100728944</subfield>
    </datafield>
  </record>
